<?xml version="1.0" encoding="UTF-8"?><collection xmlns="http://www.loc.gov/MARC21/slim"><record><leader>00462nam--2200121-i-4500</leader><controlfield tag="001">000035417</controlfield><controlfield tag="002">20161230</controlfield><controlfield tag="005">20161230201040</controlfield><controlfield tag="008">060222s1000------------r-----000-0-eng-d</controlfield><datafield ind1=" " ind2=" " tag="080"><subfield code="a">002</subfield></datafield><datafield ind1=" " ind2=" " tag="245"><subfield code="a">National technical information services.worldwide directory.compiled by the technical information service, national reasearch council of canada. helsinki, may 1970.third edition</subfield></datafield><datafield ind1=" " ind2=" " tag="260"><subfield code="a">Hague, Federation Internationale De Documentation, 1970. 61p</subfield></datafield><datafield ind1=" " ind2=" " tag="852"><subfield code="a">35846</subfield></datafield></record></collection>